@article{AguilarMedrano2007,
  author    = {Rosalía Aguilar-Medrano},
  title     = {Importancia de los humedales costeros de la península de Yucatán como centros de conexión ecológica para peces},
  journal   = {Bioagrociencias},
  volume    = {16},
  number    = {1},
  pages     = {27-33},
  year      = {2007}
}

@article{EspinozaAvalos1996,
  author    = {Julio Espinoza-Avalos},
  title     = {Distribution of seagrasses in the Yucatan Peninsula, Mexico},
  journal   = {Bulletin of Marine Science},
  volume    = {59},
  number    = {2},
  pages     = {449-454},
  year      = {1996}
}

@article{DENHARTOG201638,
title = {A new Ruppia from Mexico: Ruppia mexicana n.sp.},
journal = {Aquatic Botany},
volume = {131},
pages = {38-44},
year = {2016},
issn = {0304-3770},
doi = {https://doi.org/10.1016/j.aquabot.2016.02.005},
url = {https://www.sciencedirect.com/science/article/pii/S0304377016300171},
author = {C. {den Hartog} and B.I. {van Tussenbroek} and J.G.R. Wong and P. {Mercado Ruaro} and J.G. {Márquez Guzmán}},
}

@article{Kennedy2010,
  author    = {H. Kennedy and J. Beggins and C. M. Duarte and J. W. Fourqurean and M. Holmer and N. Marbà and J. J. Middelburg},
  title     = {Seagrass sediments as a global carbon sink: isotopic constraints},
  journal   = {Global Biogeochemical Cycles},
  volume    = {24},
  pages     = {GB4026},
  year      = {2010},
  doi       = {10.1029/2010GB003848}
}

@article{OCANA2023102979,
title = {Spatiotemporal patterns of macrophyte subsidies to sandy beaches of Yucatán, Mexico},
journal = {Regional Studies in Marine Science},
volume = {63},
pages = {102979},
year = {2023},
issn = {2352-4855},
doi = {https://doi.org/10.1016/j.rsma.2023.102979},
url = {https://www.sciencedirect.com/science/article/pii/S2352485523001688},
author = {Frank A. Ocaña and Ricardo E. Olmos-García and Rosa M. {de Jesús-Carrillo} and Elsa Noreña-Barroso and Edlin Guerra-Castro},
}

@article{Fourqurean2012,
  author    = {J. W. Fourqurean and C. M. Duarte and H. Kennedy and N. Marbà and M. Holmer and M. A. Mateo and E. T. Apostolaki and G. A. Kendrick and D. Krause-Jensen and K. McGlathery and O. Serrano},
  title     = {Seagrass ecosystems as a globally significant carbon stock},
  journal   = {Nature Geoscience},
  volume    = {5},
  pages     = {505-509},
  year      = {2012}
}

@article{GarciaDuarte2001,
  author    = {E. Garcia and C. M. Duarte},
  title     = {Sediment retention by a Mediterranean Posidonia oceanica meadow: the balance between deposition and resuspension},
  journal   = {Estuarine, Coastal and Shelf Science},
  volume    = {52},
  pages     = {505-514},
  year      = {2001},
  doi       = {10.1006/ecss.2000.0753}
}

@incollection{CHOVANEC2003639,
title = {Chapter 18 Fish as bioindicators},
editor = {B.A. Markert and A.M. Breure and H.G. Zechmeister},
series = {Trace Metals and other Contaminants in the Environment},
publisher = {Elsevier},
volume = {6},
pages = {639-676},
year = {2003},
booktitle = {Bioindicators \& Biomonitors},
issn = {1875-1121},
doi = {https://doi.org/10.1016/S0927-5215(03)80148-0},
url = {https://www.sciencedirect.com/science/article/pii/S0927521503801480},
author = {Andreas Chovanec and Rudolf Hofer and Fritz Schiemer},
}

@InProceedings{Diaz1987,
author="Diaz, Robert J.
and Ers{\'e}us, Christer
and Boesch, Donald F.",
editor="Brinkhurst, Ralph O.
and Diaz, Robert J.",
title="Distribution and ecology of Middle Atlantic Bight Oligochaeta",
booktitle="Aquatic Oligochaeta",
year="1987",
publisher="Springer Netherlands",
address="Dordrecht",
pages="215--225",
}

@article{Giere2006,
  author = {Olav Giere},
  title = {Ecology and Biology of Marine Oligochaeta – an Inventory Rather than another Review},
  journal = {Hydrobiologia},
  volume = {564},
  pages = {103--116},
  year = {2006},
  doi = {10.1007/s10750-005-1712-1}
}

@article{Verdonschot2001,
  author = {P.F.M. Verdonschot},
  title = {Hydrology and substrates: determinants of oligochaete distribution in lowland streams (The Netherlands)},
  journal = {Hydrobiologia},
  volume = {463},
  pages = {249--262},
  year = {2001},
  doi = {10.1023/A:1013132514610}
}

@article{Collado1999,
  author = {R. Collado and P. Kasprzak and R.M. Schmelz},
  title = {Oligochaeta and Aphanoneura in two Northern German hardwater lakes of different trophic state},
  journal = {Hydrobiologia},
  volume = {406},
  pages = {143--148},
  year = {1999},
  doi = {10.1023/A:1003700604272}
}

@article{behrend_takeda_gomes_fernandes_2012,  title={Using oligochaeta assemblages as an indicator of environmental changes},  volume={72},  ISSN={1519-6984},  url={https://doi.org/10.1590/S1519-69842012000500014},  DOI={10.1590/S1519-69842012000500014},  number={4},  journal={Brazilian Journal of Biology},  publisher={Instituto Internacional de Ecologia},  author={Behrend, RDL. and Takeda, AM. and Gomes, LC. and Fernandes, SEP.},  year={2012},  month={Nov},  pages={873–884} }

@book{Botello2022,
  author    = {F. Botello and C. Vázquez-Camacho and F. Mayani-Parás and M. E. Vega-Orihuela and S. Morales-Díaz},
  title     = {Protocolo para el monitoreo ecosistémico de pastos marinos en Áreas Naturales Protegidas},
  year      = {2022},
  publisher = {Comisión Nacional de Áreas Naturales Protegidas, Fondo Mexicano para la Conservación de la Naturaleza, Conservación Biológica y Desarrollo Social A. C.}
}

@book{Littler1989,
  author    = {D. S. Littler and M. M. Littler and J. N. Norris and K. E. Bucher},
  title     = {Marine Plants of the Caribbean: A Field Guide from Florida to Brazil},
  year      = {1989},
  publisher = {Smithsonian Institution Press},
  address   = {Washington, D.C.},
  pages     = {263},
  isbn      = {0874746078}
}

@book{Gallardo-Torres2014,
  author = {Gallardo-Torres, A. G. and Badillo-Alemán, M. and Galindo-de Santiago, C. and Loera-Pérez, J. and García-Galano, T. and Chiappa-Carrara, X.},
  year = {2014},
  title = {Catálogo de peces de la costa norte de Yucatán},
  edition = {Segunda edición},
  publisher = {Universidad Nacional Autónoma de México, Consejo de Ciencia, Innovación y Tecnología del estado de Yucatán}
}